<record><leader>00000cas a22000007a 4500</leader><controlfield tag="001">20176880</controlfield><controlfield tag="008">890814d18861890nduwr ne      0    0eng d</controlfield><datafield ind1=" " ind2=" " tag="010"><subfield code="a">sn 88076474 </subfield></datafield><datafield ind1=" " ind2=" " tag="040"><subfield code="a">NOP</subfield><subfield code="b">eng</subfield><subfield code="c">NOP</subfield><subfield code="d">OCLCQ</subfield></datafield><datafield ind1=" " ind2=" " tag="042"><subfield code="a">msc</subfield></datafield><datafield ind1="0" ind2="0" tag="245"><subfield code="a">Dakota globe.</subfield></datafield><datafield ind1=" " ind2=" " tag="260"><subfield code="a">Wahpeton, Richland County, Dakota [N.D.] :</subfield><subfield code="b">H.W. Troy</subfield></datafield><datafield ind1=" " ind2=" " tag="300"><subfield code="a">4 v.</subfield></datafield><datafield ind1=" " ind2=" " tag="310"><subfield code="a">Weekly</subfield></datafield><datafield ind1="1" ind2=" " tag="362"><subfield code="a">Began in 1886.</subfield></datafield><datafield ind1="0" ind2=" " tag="362"><subfield code="a">-v. 4, no. 15 (Jan. 23, 1890).</subfield></datafield><datafield ind1=" " ind2=" " tag="500"><subfield code="a">Official County Paper, 1887-1890; Official City Paper, 1888-1890.</subfield></datafield><datafield ind1=" " ind2=" " tag="530"><subfield code="a">Available on microfilm from the State Historical Society of North Dakota.</subfield></datafield><datafield ind1=" " ind2=" " tag="588"><subfield code="a">Description based on: Vol. 1, no. 4 (Oct. 27, 1886).</subfield></datafield><datafield ind1=" " ind2=" " tag="752"><subfield code="a">United States</subfield><subfield code="b">North Dakota</subfield><subfield code="c">Richland</subfield><subfield code="d">Wahpeton.</subfield></datafield><datafield ind1="0" ind2="0" tag="785"><subfield code="t">North Dakota globe</subfield><subfield code="w">(DLC)sn 88076471</subfield></datafield><datafield ind1="1" ind2=" " tag="029"><subfield code="a">AU@</subfield><subfield code="b">000025838749</subfield></datafield></record>